@online{1,
  author = {Open Robotics}
  title = {Documentation},
  year = 2022,
  url = {http://wiki.ros.org},
  urldate = {2023-02-14}
}

@online{2,
  author = {Open Robotics}
  title = {Ubuntu install of ROS Noetic},
  year = 2022,
  url = {http://wiki.ros.org/noetic/Installation/Ubuntu},
  urldate = {2023-02-14}
}

@online{3,
  title = {Build with CMake},
  author = {Kitware}
  year = 2023,
  url = {https://cmake.org/},
  urldate = {2023-02-18}
}

@online{4,
  title = {RVIZ},
  author = {Kitware}
  year = 2023,
  url = {https://cmake.org/},
  urldate = {2023-02-18}
}